@ARTICLE{SmithMiles2014,
  author = {Kate Smith-Miles and Davaatseren Baatar and Brendan Wreford and Rhyd
	Lewis},
  title = {Towards objective measures of algorithm performance across instance
	space },
  journal = {Computers \& Operations Research },
  year = {2014},
  volume = {45},
  pages = {12 - 24},
}
@ARTICLE{Smith-Miles219,
  author = {Smith-Miles, Kate A.},
  title = {Cross-disciplinary perspectives on meta-learning for algorithm selection},
  journal = {ACM Comput. Surv.},
  year = {2008},
  volume = {41},
  pages = {1-25},
  number = {1},
  note = {1456656},
}
@INCOLLECTION{Rice1976,
  author = {Rice, John R},
  title = {The Algorithm Selection Problem},
  booktitle = {Advances in Computers},
  publisher = {Elsevier},
  year = {1976},
  editor = {Morris Rubinoff and Marshall C. Yovits},
  volume = {15},
  pages = {65 - 118},
  issn = {0065-2458},
  journal = {Advances in Computers},
  owner = {cs378},
  timestamp = {2011.06.21}
}
@INCOLLECTION{Smith-Miles2010,
  author = {Smith-Miles, Kate and van Hemert, Jano and Lim, XinYu},
  title = {Understanding TSP Difficulty by Learning from Evolved Instances},
  booktitle = {Learning and Intelligent Optimization},
  publisher = {Springer Berlin Heidelberg},
  year = {2010},
  editor = {Blum, Christian and Battiti, Roberto},
  volume = {6073},
  series = {Lecture Notes in Computer Science},
  pages = {266-280},
  keywords = {Algorithm Selection; Travelling Salesman Problem; Hardness Prediction;
	Phase Transition; Combinatorial optimisation; Instance Difficulty}
}
@ARTICLE{Misir20133335,
  author = {M. Misir and K. Verbeeck and P. De Causmaecker and G. Vanden Berghe},
  title = {An investigation on the generality level of selection hyper-heuristics
	under different empirical conditions },
  journal = {Applied Soft Computing },
  year = {2013},
  volume = {13},
  pages = {3335 - 3353},
  number = {7},
  adoi = {10.1016/j.asoc.2013.02.006},
  aurl = {http://www.sciencedirect.com/science/article/pii/S1568494613000604},
}
@ARTICLE{vanHemert2006,
  author = {van Hemert, Jano I.},
  title = {Evolving Combinatorial Problem Instances That Are Difficult to Solve},
  journal = {Evol. Comput.},
  year = {2006},
  volume = {14},
  pages = {433--462},
  number = {4},
  month = dec,
  address = {Cambridge, MA, USA},
  issue_date = {December 2006},
  keywords = {3-SAT, binary constraint satisfaction, boolean satisfiability, difficult
	combinatorial problems, evolving problems, problem hardness, travelling
	salesman},
  numpages = {30},
  publisher = {MIT Press}
}
@INPROCEEDINGS{Gu96algorithmsfor,
  author = {Jun Gu and Paul W. Purdom and John Franco and Benjamin W. Wah},
  title = {Algorithms for the Satisfiability (SAT) Problem: A Survey},
  booktitle = {DIMACS Series in Discrete Mathematics and Theoretical Computer Science},
  year = {1996},
  pages = {19--152},
  publisher = {American Mathematical Society}
}
@INPROCEEDINGS{EuroGEN2015,
  author = {Sim, Kevin and Hart, Emma},
  title = {A New Rich Vehicle Routing Problem Model and Benchmark Resource},
  booktitle = {Proceedings of the The 11th edition of the International Conference
	on Evolutionary and Deterministic Methods for Design, Optimization
	and Control with Applications to Industrial and Societal Problems(
	EUROGEN-2015)},
  year = {2015},
  owner = {cs378},
  timestamp = {2015.06.26}
}
@CONFERENCE{Paechter2014,
  author = {Ben Paechter},
  title = {Mine’s better than yours – comparing timetables and timetabling algorithms},
  booktitle = {Keynote Talk at the 10th International Conference on the Practice
	and Theory of Automated Timetabling (PATAT 2014)},
  year = {2014}
}
@ARTICLE{OR1990,
  author = {Beasley, J. E.},
  title = {OR-Library: Distributing Test Problems by Electronic Mail},
  journal = {The Journal of the Operational Research Society},
  year = {1990},
  volume = {41},
  pages = {pp. 1069-1072},
  number = {11},
  copyright = {Copyright © 1990 Operational Research Society},
  publisher = {Palgrave Macmillan Journals on behalf of the Operational Research
	Society}
}
@ARTICLE{SmithMiles2015b,
  author = {Kate Smith-Miles and Simon Bowly},
  title = {Generating new test instances by evolving in instance space },
  journal = {Computers \& Operations Research },
  year = {2015},
  volume = {63},
  pages = {102 - 113},
}
@ARTICLE{Blum2003,
  author = {Blum, Christian and Roli, Andrea},
  title = {Metaheuristics in combinatorial optimization: Overview and conceptual
	comparison},
  journal = {ACM Comput. Surv.},
  year = {2003},
  volume = {35},
  pages = {268-308},
  month = {September},
  address = {New York, NY, USA},
  issn = {0360-0300},
  issue = {3},
  keywords = {Metaheuristics, combinatorial optimization, diversification., intensification},
  numpages = {41},
  publisher = {ACM}
}
@ARTICLE{Hart2015underReview,
  author = {Hart, Emma and Sim, Kevin},
  title = {Ensemble Methods for JSSP},
  journal = {Evolutionary Computation},
  year = {2015},
  volume = {(Under Review )}
}
@ARTICLE{Watson2002,
  author = {Watson, Jean-Paul and Barbulescu, Laura and Whitley, L. Darrell and
	Howe, Adele E.},
  title = {Contrasting Structured and Random Permutation Flow-Shop Scheduling
	Problems: Search-Space Topology and Algorithm Performance},
  journal = {INFORMS J. on Computing},
  year = {2002},
  volume = {14},
  pages = {98--123},
  number = {2},
  month = apr,
  address = {Institute for Operations Research and the Management Sciences (INFORMS),
	Linthicum, Maryland, USA},
  issn = {1526-5528},
  issue_date = {April 2002},
  keywords = {Fitness Landscapes, Flow Shop, Local Search, Problem Difficulty, Sequencing},
  numpages = {26},
  publisher = {INFORMS}
}
@ARTICLE{Igel2005,
  author = {Igel, Christian and Toussaint, Marc},
  title = {A No-Free-Lunch theorem for non-uniform distributions of target functions},
  journal = {Journal of Mathematical Modelling and Algorithms},
  year = {2005},
  volume = {3},
  pages = {313-322},
  number = {4},
  issn = {1570-1166},
  keywords = {evolutionary computation; No-Free-Lunch theorem; 90C27; 68T20},
  publisher = {Kluwer Academic Publishers}
}
@INPROCEEDINGS{Sim2015GECCO,
  author = {Sim, Kevin and Hart, Emma},
  title = {A Novel Heuristic Generator for JSSP Using a Tree-Based Representation
	of Dispatching Rules},
  booktitle = {GECCO '15: Proceeding of the seventeenth annual conference on Genetic
	and evolutionary computation conference},
  year = {2015},
  owner = {cs378},
  timestamp = {2015.06.26}
}
@BOOK{floudas2013handbook,
  title = {Handbook of Test Problems in Local and Global Optimization},
  publisher = {Springer US},
  year = {2013},
  author = {Floudas, C.A. and Pardalos, P.M. and Adjiman, C. and Esposito, W.R.
	and G{\"u}m{\"u}s, Z.H. and Harding, S.T. and Klepeis, J.L. and Meyer,
	C.A. and Schweiger, C.A.},
  series = {Nonconvex Optimization and Its Applications}
}
@ARTICLE{Sim2013ecj,
  author = {Sim, Kevin and Hart, Emma and Paechter, Ben},
  title = {A Lifelong Learning Hyper-heuristic Method for Bin Packing.},
  journal = {Evolutionary Computation},
  year = {2015},
  volume = {23},
  pages = {37-67},
  number = {1}
}
@ARTICLE{Scholl209,
  author = {Scholl, Armin and Klein, Robert and J\"{u}rgens, Christian},
  title = {BISON: a fast hybrid procedure for exactly solving the one-dimensional
	bin packing problem},
  journal = {Comput. Oper. Res.},
  year = {1997},
  volume = {24},
  pages = {627-645},
  number = {7},
}
  aurl = {http://dl.acm.org/citation.cfm?id=646205.682310},
  aurl = {http://citeseerx.ist.psu.edu/viewdoc/summary?doi=10.1.1.50.8204},
  citeulike-linkout-0 = {http://citeseerx.ist.psu.edu/viewdoc/summary?doi=10.1.1.50.8204},
  aurl = {http://dl.acm.org/citation.cfm?id=646678.702165},
  aurl = {http://portal.acm.org/citation.cfm?id=639960.639990},
  aurl = {http://portal.acm.org/citation.cfm?id=645527.657305},
  aurl = {http://portal.acm.org/citation.cfm?id=903758.903779},
  aurl = {http://portal.acm.org/citation.cfm?id=14111.14123},
  aurl = {http://portal.acm.org/citation.cfm?id=2008339.2008350},
  aurl = {http://portal.acm.org/citation.cfm?id=1622859.1622871},
  aurl = {http://portal.acm.org/citation.cfm?id=1622737.1622748},
  aurl = {http://dl.acm.org/citation.cfm?id=1761233.1761262},
  aurl = {http://citeseerx.ist.psu.edu/viewdoc/summary?doi=10.1.1.48.8380},
  citeulike-linkout-0 = {http://citeseerx.ist.psu.edu/viewdoc/summary?doi=10.1.1.48.8380},
  title = {What makes an optimization problem hard?},
  //url = {http://portal.acm.org/citation.cfm?id=1776274.1776300},
  asource = {http://www.ncstrl.org:8900/ncstrl/servlet/search?formname=detail\&id=oai%3Ancstrlh%3Aidsia_ch%3Ancstrl.idsia.ch%2F%2FIDSIA-23-02},
  aurl = {http://bks0.books.google.com.jm/books?id=6ORuBRNk\_Z8C},
  aurl = {http://portal.acm.org/citation.cfm?id=506694.506697},
  aurl = {http://portal.acm.org/citation.cfm?id=261092.261098},
  aurl = {http://portal.acm.org/citation.cfm?id=1892875.1892883},
  aurl = {http://portal.acm.org/citation.cfm?id=645824.668751},
  aurl = {http://portal.acm.org/citation.cfm?id=645514.657926},
  aurl = {http://portal.acm.org/citation.cfm?id=1625015.1625078},
  aurl = {http://portal.acm.org/citation.cfm?id=773294},
  citeulike-linkout-0 = {http://portal.acm.org/citation.cfm?id=773294},
  aurl = {http://portal.acm.org/citation.cfm?id=1689599.1689651},
  aurl = {http://portal.acm.org/citation.cfm?id=594856.594904},
  aurl = {http://portal.acm.org/citation.cfm?id=1622559.1622566},
  title = {Improved Pattern Recognition with Artificial Clonal Selection?},
  aurl = {http://portal.acm.org/citation.cfm?id=647989.741499},
  aurl = {http://portal.acm.org/citation.cfm?id=645512.657260},
