@incollection{Hutter2011smac,
	year={2011},
	isbn={978-3-642-25565-6},
	booktitle={Learning and Intelligent Optimization},
	volume={6683},
	series={Lecture Notes in Computer Science},
	editor={Coello, CarlosA.Coello},
	doi={10.1007/978-3-642-25566-3_40},
	title={Sequential Model-Based Optimization for General Algorithm Configuration},
	url={http://dx.doi.org/10.1007/978-3-642-25566-3_40},
	publisher={Springer Berlin Heidelberg},
	author={Hutter, Frank and Hoos, HolgerH. and Leyton-Brown, Kevin},
	pages={507-523},
	language={English}
}


@incollection{Birattari2010irace,
	year={2010},
	isbn={978-3-642-02537-2},
	booktitle={Experimental Methods for the Analysis of Optimization Algorithms},
	editor={Bartz-Beielstein, Thomas and Chiarandini, Marco and Paquete, Luís and Preuss, Mike},
	doi={10.1007/978-3-642-02538-9_13},
	title={F-Race and Iterated F-Race: An Overview},
	url={http://dx.doi.org/10.1007/978-3-642-02538-9_13},
	publisher={Springer Berlin Heidelberg},
	author={Birattari, Mauro and Yuan, Zhi and Balaprakash, Prasanna and Stützle, Thomas},
	pages={311-336},
	language={English}
}


@incollection{Ansotegui2009genderbasedga,
	year={2009},
	isbn={978-3-642-04243-0},
	booktitle={Principles and Practice of Constraint Programming - CP 2009},
	volume={5732},
	series={Lecture Notes in Computer Science},
	editor={Gent, IanP.},
	doi={10.1007/978-3-642-04244-7_14},
	title={A Gender-Based Genetic Algorithm for the Automatic Configuration of Algorithms},
	url={http://dx.doi.org/10.1007/978-3-642-04244-7_14},
	publisher={Springer Berlin Heidelberg},
	author={Ansótegui, Carlos and Sellmann, Meinolf and Tierney, Kevin},
	pages={142-157},
	language={English}
}


@incollection{Schneider2012homogeneity,
	year={2012},
	isbn={978-3-642-34412-1},
	booktitle={Learning and Intelligent Optimization},
	series={Lecture Notes in Computer Science},
	editor={Hamadi, Youssef and Schoenauer, Marc},
	doi={10.1007/978-3-642-34413-8_14},
	title={Quantifying Homogeneity of Instance Sets for Algorithm Configuration},
	url={http://dx.doi.org/10.1007/978-3-642-34413-8_14},
	publisher={Springer Berlin Heidelberg},
	keywords={Quantifying Homogeneity; Empirical Analysis; Parameter Optimization; Algorithm Configuration},
	author={Schneider, Marius and Hoos, HolgerH.},
	pages={190-204},
	language={English}
}


@incollection{Hutter2012parallel,
	year={2012},
	isbn={978-3-642-34412-1},
	booktitle={Learning and Intelligent Optimization},
	series={Lecture Notes in Computer Science},
	editor={Hamadi, Youssef and Schoenauer, Marc},
	doi={10.1007/978-3-642-34413-8_5},
	title={Parallel Algorithm Configuration},
	url={http://dx.doi.org/10.1007/978-3-642-34413-8_5},
	publisher={Springer Berlin Heidelberg},
	author={Hutter, Frank and Hoos, HolgerH. and Leyton-Brown, Kevin},
	pages={55-70},
	language={English}
}


@incollection{Geschwender2014cloud,
	year={2014},
	isbn={978-3-319-09583-7},
	booktitle={Learning and Intelligent Optimization},
	volume={8426},
	series={Lecture Notes in Computer Science},
	editor={Pardalos, Panos M. and Resende, Mauricio G.C. and Vogiatzis, Chrysafis and Walteros, Jose L.},
	doi={10.1007/978-3-319-09584-4_5},
	title={Algorithm Configuration in the Cloud: A Feasibility Study},
	url={http://dx.doi.org/10.1007/978-3-319-09584-4_5},
	publisher={Springer International Publishing},
	author={Geschwender, Daniel and Hutter, Frank and Kotthoff, Lars and Malitsky, Yuri and Hoos, HolgerH. and Leyton-Brown, Kevin},
	pages={41-46},
	language={English}
}


@article{DBLP:journals/jair/HutterHLS09,
	author    = {Frank Hutter and Holger H. Hoos and Kevin Leyton{-}Brown and Thomas St{\"{u}}tzle},
	title     = {ParamILS: An Automatic Algorithm Configuration Framework},
	journal   = {J. Artif. Intell. Res. {(JAIR)}},
	volume    = {36},
	pages     = {267--306},
	year      = {2009},
	url       = {http://dx.doi.org/10.1613/jair.2861},
	doi       = {10.1613/jair.2861},
	timestamp = {Fri, 11 Jun 2010 08:29:58 +0200},
	biburl    = {http://dblp.uni-trier.de/rec/bib/journals/jair/HutterHLS09},
	bibsource = {dblp computer science bibliography, http://dblp.org}
}

@inproceedings{DBLP:conf/lion/HutterLFLHLS14,
	author    = {Frank Hutter and
	Manuel L{\'{o}}pez{-}Ib{\'{a}}{\~{n}}ez and
	Chris Fawcett and
	Marius Thomas Lindauer and
	Holger H. Hoos and
	Kevin Leyton{-}Brown and
	Thomas St{\"{u}}tzle},
	title     = {AClib: {A} Benchmark Library for Algorithm Configuration},
	booktitle = {Learning and Intelligent Optimization - 8th International Conference,
	Lion 8, Gainesville, FL, USA, February 16-21, 2014. Revised Selected
	Papers},
	pages     = {36--40},
	year      = {2014},
	crossref  = {DBLP:conf/lion/2014},
	url       = {http://dx.doi.org/10.1007/978-3-319-09584-4_4},
	doi       = {10.1007/978-3-319-09584-4_4},
	timestamp = {Fri, 01 Aug 2014 14:31:59 +0200},
	biburl    = {http://dblp.uni-trier.de/rec/bib/conf/lion/HutterLFLHLS14},
	bibsource = {dblp computer science bibliography, http://dblp.org}
}

@proceedings{DBLP:conf/lion/2014,
	editor    = {Panos M. Pardalos and
	Mauricio G. C. Resende and
	Chrysafis Vogiatzis and
	Jose L. Walteros},
	title     = {Learning and Intelligent Optimization - 8th International Conference,
	Lion 8, Gainesville, FL, USA, February 16-21, 2014. Revised Selected
	Papers},
	series    = {Lecture Notes in Computer Science},
	volume    = {8426},
	publisher = {Springer},
	year      = {2014},
	url       = {http://dx.doi.org/10.1007/978-3-319-09584-4},
	doi       = {10.1007/978-3-319-09584-4},
	isbn      = {978-3-319-09583-7},
	timestamp = {Fri, 01 Aug 2014 14:28:28 +0200},
	biburl    = {http://dblp.uni-trier.de/rec/bib/conf/lion/2014},
	bibsource = {dblp computer science bibliography, http://dblp.org}
}



@ARTICLE{Nallaperuma2015antsTsp,
 AUTHOR={Nallaperuma, Samadhi  and  Wagner, Markus  and  Neumann, Frank},   
TITLE={Analyzing the Effects of Instance Features and Algorithm Parameters for Max Min Ant System and the Traveling Salesperson Problem},      
JOURNAL={Frontiers in Robotics and AI},      
VOLUME={2},      
YEAR={2015},      
NUMBER={18},     
URL={http://www.frontiersin.org/computational_intelligence/10.3389/frobt.2015.00018/abstract},  DOI={10.3389/frobt.2015.00018},      
ISSN={2296-9144} ,      	
ABSTRACT={Ant colony optimization (ACO) performs very well on many hard optimization problems, even though no good worst-case guarantee can be given. Understanding the effects of different ACO parameters and the structural features of the considered problem on algorithm performance has become an interesting problem. In this paper, we study structural features of easy and hard instances of the traveling salesperson problem for a well-known ACO variant called Max–Min Ant System (MMAS) for several parameter settings. The four considered parameters are the importance of pheromone values, the heuristic information, the pheromone update strength, and the number of ants. We further use this knowledge to predict the best parameter setting for a wide range of instances taken from TSPLIB.}}

